% !TEX root = sum1.tex

@book{talluri2006theory,
  title     = {The theory and practice of revenue management},
  author    = {Talluri, Kalyan T and Van Ryzin, Garrett J},
  volume    = {68},
  year      = {2006},
  publisher = {Springer Science \& Business Media}
}

@article{aydin2018decomposition,
  title     = {Decomposition methods for dynamic room allocation in hotel revenue management},
  author    = {Aydin, Nursen and Birbil, S Ilker},
  journal   = {European journal of operational research},
  volume    = {271},
  number    = {1},
  pages     = {179--192},
  year      = {2018},
  publisher = {Elsevier}
}

@article{bitran1995application,
  title     = {An application of yield management to the hotel industry considering multiple day stays},
  author    = {Bitran, Gabriel R and Mondschein, Susana V},
  journal   = {Operations research},
  volume    = {43},
  number    = {3},
  pages     = {427--443},
  year      = {1995},
  publisher = {INFORMS}
}

@misc{Covid19Timeline,
  author       = {{Healthcare}},
  year         = {2023},
  title        = {COVID-19 Timeline},
  howpublished = {\url{https://www.otandp.com/covid-19-timeline}}
}

@misc{AdviceforPublic,
  author       = {{WHO}},
  year         = {2020},
  title        = {Advice for Public},
  howpublished = {\url{https://www.who.int/emergencies/diseases/novel-coronavirus-2019/advice-for-public}}
}

@misc{CDC,
  author       = {{CDC}},
  year         = {2020},
  title        = {Keep A Safe Space},
  howpublished = {\url{https://stacks.cdc.gov/view/cdc/90522}}
}

@misc{Gov202209,
  author       = {{GovHK}},
  year         = {2022},
  title        = {Government relaxes certain social distancing measures},
  howpublished = {\url{https://www.info.gov.hk/gia/general/202209/30/P2022093000818.htm}}
}

@misc{Gov202204,
  author       = {{GovHK}},
  year         = {2022},
  title        = {Latest arrangements for LCSD public services},
  howpublished = {\url{https://www.info.gov.hk/gia/general/202204/14/P2022041400442.htm?fontSize=1}}
}

% 由 2022 年 5 月 19 日起，康文署轄下香港體育館將放寬入座人數，由原先的五成放寬至八成半，相連座位不得超過八個

@article{blom2022filling,
  title     = {Filling a theater during the covid-19 pandemic},
  author    = {Blom, Danny and Pendavingh, Rudi and Spieksma, Frits},
  journal   = {INFORMS Journal on Applied Analytics},
  volume    = {52},
  number    = {6},
  pages     = {473--484},
  year      = {2022},
  publisher = {INFORMS}
}

@article{pisinger1999exact,
  title     = {An exact algorithm for large multiple knapsack problems},
  author    = {Pisinger, David},
  journal   = {European Journal of Operational Research},
  volume    = {114},
  number    = {3},
  pages     = {528--541},
  year      = {1999},
  publisher = {Elsevier}
}

@article{kleywegt1998dynamic,
  title     = {The dynamic and stochastic knapsack problem},
  author    = {Kleywegt, Anton J and Papastavrou, Jason D},
  journal   = {Operations research},
  volume    = {46},
  number    = {1},
  pages     = {17--35},
  year      = {1998},
  publisher = {INFORMS}
}

@article{coffman1983dynamic,
  title     = {Dynamic bin packing},
  author    = {Coffman, Jr, Edward G and Garey, Michael R and Johnson, David S},
  journal   = {SIAM Journal on Computing},
  volume    = {12},
  number    = {2},
  pages     = {227--258},
  year      = {1983},
  publisher = {SIAM}
}

@article{berndt2020fully,
  title     = {Fully dynamic bin packing revisited},
  author    = {Berndt, Sebastian and Jansen, Klaus and Klein, Kim-Manuel},
  journal   = {Mathematical Programming},
  volume    = {179},
  number    = {1-2},
  pages     = {109--155},
  year      = {2020},
  publisher = {Springer}
}

@article{van2000finite,
  title     = {Finite horizon stochastic knapsacks with applications to yield management},
  author    = {Van Slyke, Richard and Young, Yi},
  journal   = {Operations Research},
  volume    = {48},
  number    = {1},
  pages     = {155--172},
  year      = {2000},
  publisher = {INFORMS}
}

@article{gallego1997multiproduct,
  title     = {A multiproduct dynamic pricing problem and its applications to network yield management},
  author    = {Gallego, Guillermo and Van Ryzin, Garrett},
  journal   = {Operations research},
  volume    = {45},
  number    = {1},
  pages     = {24--41},
  year      = {1997},
  publisher = {INFORMS}
}

@phdthesis{williamson1992airline,
  title  = {Airline network seat inventory control: Methodologies and revenue impacts},
  author = {Williamson, Elizabeth Louise},
  year   = {1992},
  school = {Massachusetts Institute of Technology}
}

@article{curry1990optimal,
  title     = {Optimal airline seat allocation with fare classes nested by origins and destinations},
  author    = {Curry, Renwick E},
  journal   = {Transportation science},
  volume    = {24},
  number    = {3},
  pages     = {193--204},
  year      = {1990},
  publisher = {INFORMS}
}

@article{van2008simulation,
  title     = {Simulation-based optimization of virtual nesting controls for network revenue management},
  author    = {Van Ryzin, Garrett and Vulcano, Gustavo},
  journal   = {Operations research},
  volume    = {56},
  number    = {4},
  pages     = {865--880},
  year      = {2008},
  publisher = {INFORMS}
}

@article{barry2021optimal,
  title={Optimal Seat Allocation Under Social Distancing Constraints},
  author={Barry, Michael and Gambella, Claudio and Lorenzi, Fabio and Sheehan, John and Ploennigs, Joern},
  journal={arXiv preprint arXiv:2105.05017},
  year={2021}
}

@article{salari2020social,
  title={Social distancing in airplane seat assignments},
  author={Salari, Mostafa and Milne, R John and Delcea, Camelia and Kattan, Lina and Cotfas, Liviu-Adrian},
  journal={Journal of Air Transport Management},
  volume={89},
  pages={101915},
  year={2020},
  publisher={Elsevier}
}

@article{fischetti2021safe,
  title={Safe distancing in the time of COVID-19},
  author={Fischetti, Martina and Fischetti, Matteo and Stoustrup, Jakob},
  journal={European Journal of Operational Research},
  year={2021},
  publisher={Elsevier}
}

@article{ghorbani2020model,
  title={A Model for Optimizing the Health and Economic Impacts of Covid-19 under Social Distancing Measures; A Study for the Number of Passengers and their Seating Arrangements in Aircrafts},
  author={Ghorbani, Elaheh and Molavian, Hamid and Barez, Fred},
  journal={arXiv preprint arXiv:2010.10993},
  year={2020}
}

@article{salari2022social,
  title     = {Social distancing in airplane seat assignments for passenger groups},
  author    = {Salari, Mostafa and Milne, R John and Delcea, Camelia and Cotfas, Liviu-Adrian},
  journal   = {Transportmetrica B: Transport Dynamics},
  volume    = {10},
  number    = {1},
  pages     = {1070--1098},
  year      = {2022},
  publisher = {Taylor \& Francis}
}

@article{haque2023social,
  title     = {Social distancing and revenue management—A post-pandemic adaptation for railways},
  author    = {Haque, Md Tabish and Hamid, Faiz},
  journal   = {Omega},
  volume    = {114},
  pages     = {102737},
  year      = {2023},
  publisher = {Elsevier}
}

@article{berge1993demand,
  title     = {Demand driven dispatch: A method for dynamic aircraft capacity assignment, models and algorithms},
  author    = {Berge, Matthew E and Hopperstad, Craig A},
  journal   = {Operations research},
  volume    = {41},
  number    = {1},
  pages     = {153--168},
  year      = {1993},
  publisher = {INFORMS}
}


@article{feng2013scenario,
  title     = {Scenario construction and reduction applied to stochastic power generation expansion planning},
  author    = {Feng, Yonghan and Ryan, Sarah M},
  journal   = {Computers \& Operations Research},
  volume    = {40},
  number    = {1},
  pages     = {9--23},
  year      = {2013},
  publisher = {Elsevier}
}

@article{hamdouch2011schedule,
  title     = {Schedule-based transit assignment model with vehicle capacity and seat availability},
  author    = {Hamdouch, Younes and Ho, HW and Sumalee, Agachai and Wang, Guodong},
  journal   = {Transportation Research Part B: Methodological},
  volume    = {45},
  number    = {10},
  pages     = {1805--1830},
  year      = {2011},
  publisher = {Elsevier}
}

@article{casey2005scenario,
  title     = {The scenario generation algorithm for multistage stochastic linear programming},
  author    = {Casey, Michael S and Sen, Suvrajeet},
  journal   = {Mathematics of Operations Research},
  volume    = {30},
  number    = {3},
  pages     = {615--631},
  year      = {2005},
  publisher = {INFORMS}
}

@article{henrion2018problem,
  title     = {Problem-based optimal scenario generation and reduction in stochastic programming},
  author    = {Henrion, R{\'e}ne and R{\"o}misch, Werner},
  journal   = {Mathematical Programming},
  pages     = {1--23},
  year      = {2018},
  publisher = {Springer}
}

@article{bent2004scenario,
  title     = {Scenario-based planning for partially dynamic vehicle routing with stochastic customers},
  author    = {Bent, Russell W and Van Hentenryck, Pascal},
  journal   = {Operations Research},
  volume    = {52},
  number    = {6},
  pages     = {977--987},
  year      = {2004},
  publisher = {INFORMS}
}

@article{dantzig1957discrete,
  title     = {Discrete-variable extremum problems},
  author    = {Dantzig, George B},
  journal   = {Operations research},
  volume    = {5},
  number    = {2},
  pages     = {266--288},
  year      = {1957},
  publisher = {INFORMS}
}

% seat assignment with social distance

@article{bortolete2022support,
  title     = {A support tool for planning classrooms considering social distancing between students},
  author    = {Bortolete, Juliano Cavalcante and Bueno, Luis Felipe and Butkeraites, Renan and Chaves, Ant{\^o}nio Augusto and Colla{\c{c}}o, Gustavo and Magueta, Marcos and Pelogia, FJR and Neto, LL Salles and Santos, TS and Silva, TS and others},
  journal   = {Computational and Applied Mathematics},
  volume    = {41},
  pages     = {1--23},
  year      = {2022},
  publisher = {Springer}
}

@article{haque2022optimization,
  title     = {An optimization model to assign seats in long distance trains to minimize SARS-CoV-2 diffusion},
  author    = {Haque, Md Tabish and Hamid, Faiz},
  journal   = {Transportation Research Part A: Policy and Practice},
  volume    = {162},
  pages     = {104--120},
  year      = {2022},
  publisher = {Elsevier}
}

@article{moosa2020effectiveness,
  title     = {The effectiveness of social distancing in containing Covid-19},
  author    = {Moosa, Imad A},
  journal   = {Applied Economics},
  volume    = {52},
  number    = {58},
  pages     = {6292--6305},
  year      = {2020},
  publisher = {Taylor \& Francis}
}

% group seat assignment

@article{li2013modeling,
  title     = {Modeling a hotel room assignment problem},
  author    = {Li, Yihua and Wang, Bruce and Caudillo-Fuentes, Luz A},
  journal   = {Journal of Revenue and Pricing Management},
  volume    = {12},
  pages     = {120--127},
  year      = {2013},
  publisher = {Springer}
}

@article{deplano2019offline,
  title     = {The offline group seat reservation knapsack problem with profit on seats},
  author    = {Deplano, Igor and Yazdani, Danial and Nguyen, Trung Thanh},
  journal   = {IEEE Access},
  volume    = {7},
  pages     = {152358--152367},
  year      = {2019},
  publisher = {IEEE}
}

@article{dundar2021seat,
  title     = {Seat assignment models for classrooms in response to Covid-19 pandemic},
  author    = {Dundar, Bayram and Karakose, Gokhan},
  journal   = {Journal of the Operational Research Society},
  pages     = {1--13},
  year      = {2021},
  publisher = {Taylor \& Francis}
}

@article{kwag2022optimal,
  title     = {Optimal seat allocation strategy for e-sports gaming center},
  author    = {Kwag, Sungil and Lee, Woo Jin and Ko, Young Dae},
  journal   = {International Transactions in Operational Research},
  volume    = {29},
  number    = {2},
  pages     = {783--804},
  year      = {2022},
  publisher = {Wiley Online Library}
}

@article{lewis2016creating,
  title     = {Creating seating plans: a practical application},
  author    = {Lewis, Rhyd and Carroll, Fiona},
  journal   = {Journal of the Operational Research Society},
  volume    = {67},
  number    = {11},
  pages     = {1353--1362},
  year      = {2016},
  publisher = {Taylor \& Francis}
}

@article{yuen2002group,
  title     = {Group revenue management: Redefining the business process—part I},
  author    = {Yuen, Benson B},
  journal   = {Journal of Revenue and Pricing Management},
  volume    = {1},
  pages     = {267--274},
  year      = {2002},
  publisher = {Springer}
}

@article{clausen2010off,
  title     = {The off-line group seat reservation problem},
  author    = {Clausen, Tommy and Hjorth, Allan Nordlunde and Nielsen, Morten and Pisinger, David},
  journal   = {European journal of operational research},
  volume    = {207},
  number    = {3},
  pages     = {1244--1253},
  year      = {2010},
  publisher = {Elsevier}
}

@article{moore2021seat,
  title     = {Seat assignments with physical distancing in single-destination public transit settings},
  author    = {Moore, Jane F and Carvalho, Arthur and Davis, Gerard A and Abulhassan, Yousif and Megahed, Fadel M},
  journal   = {Ieee Access},
  volume    = {9},
  pages     = {42985--42993},
  year      = {2021},
  publisher = {IEEE}
}

% dynamic seat assignment

@article{jiang2015dynamic,
  title     = {Dynamic demand forecasting and ticket assignment for high-speed rail revenue management in china},
  author    = {Jiang, Xiushan and Chen, Xiqun and Zhang, Lei and Zhang, Ruifeng},
  journal   = {Transportation Research Record},
  volume    = {2475},
  number    = {1},
  pages     = {37--45},
  year      = {2015},
  publisher = {SAGE Publications Sage CA: Los Angeles, CA}
}


@article{de2004impact,
  title     = {The impact of dynamic capacity management on airline seat inventory control},
  author    = {De Boer, Sanne},
  journal   = {Journal of Revenue and Pricing Management},
  volume    = {2},
  pages     = {315--330},
  year      = {2004},
  publisher = {Springer}
}

@article{zhu2023assign,
  title     = {Assign-to-seat: Dynamic capacity control for selling high-speed train tickets},
  author    = {Zhu, Feng and Liu, Shaoxuan and Wang, Rowan and Wang, Zizhuo},
  journal   = {Manufacturing \& Service Operations Management},
  year      = {2023},
  publisher = {INFORMS}
}
% Assign-to-Seat: Dynamic Capacity Control for Selling High-Speed Train Tickets
