% !TEX root = sum1.tex
@article{baum1982finite,
  title={Finite checkability for integer rounding properties in combinatorial programming problems},
  author={Baum, Stephen and Trotter, Leslie E},
  journal={Mathematical Programming},
  volume={22},
  number={1},
  pages={141--147},
  year={1982},
  publisher={Springer}
}

@article{van2000finite,
  title     = {Finite horizon stochastic knapsacks with applications to yield management},
  author    = {Van Slyke, Richard and Young, Yi},
  journal   = {Operations Research},
  volume    = {48},
  number    = {1},
  pages     = {155--172},
  year      = {2000},
  publisher = {INFORMS}
}

@article{de1984decomposition,
  title={A decomposition property of polyhedra},
  author={de Werra, Dominique},
  journal={Mathematical programming},
  volume={30},
  number={3},
  pages={261--266},
  year={1984},
  publisher={Springer}
}

@article{baum1981integer,
  title={Integer rounding for polymatroid and branching optimization problems},
  author={Baum, Stephen and Trotter, Jr, LE},
  journal={SIAM Journal on Algebraic Discrete Methods},
  volume={2},
  number={4},
  pages={416--425},
  year={1981},
  publisher={SIAM}
}

@article{marcotte1985cutting,
  title={The cutting stock problem and integer rounding},
  author={Marcotte, Odile},
  journal={Mathematical Programming},
  volume={33},
  number={1},
  pages={82--92},
  year={1985},
  publisher={Springer}
}

@article{vance1998branch,
  title={Branch-and-price algorithms for the one-dimensional cutting stock problem},
  author={Vance, Pamela H},
  journal={Computational optimization and applications},
  volume={9},
  number={3},
  pages={211--228},
  year={1998},
  publisher={Springer}
}

@article{vanderbeck1999computational,
  title={Computational study of a column generation algorithm for bin packing and cutting stock problems},
  author={Vanderbeck, Fran{\c{c}}ois},
  journal={Mathematical Programming},
  volume={86},
  number={3},
  pages={565--594},
  year={1999},
  publisher={Springer}
}

@article{goulimis1990optimal,
  title={Optimal solutions for the cutting stock problem},
  author={Goulimis, Constantine},
  journal={European Journal of Operational Research},
  volume={44},
  number={2},
  pages={197--208},
  year={1990},
  publisher={Elsevier}
}

@article{gilmore1961linear,
  title={A linear programming approach to the cutting-stock problem},
  author={Gilmore, Paul C and Gomory, Ralph E},
  journal={Operations research},
  volume={9},
  number={6},
  pages={849--859},
  year={1961},
  publisher={INFORMS}
}

@article{vanderbeck1996exact,
  title={An exact algorithm for IP column generation},
  author={Vanderbeck, Fran{\c{c}}ois and Wolsey, Laurence A},
  journal={Operations research letters},
  volume={19},
  number={4},
  pages={151--159},
  year={1996},
  publisher={Elsevier}
}


@article{barnhart1998branch,
  title={Branch-and-price: Column generation for solving huge integer programs},
  author={Barnhart, Cynthia and Johnson, Ellis L and Nemhauser, George L and Savelsbergh, Martin WP and Vance, Pamela H},
  journal={Operations research},
  volume={46},
  number={3},
  pages={316--329},
  year={1998},
  publisher={INFORMS}
}

@article{scheithauer1995modified,
  title={The modified integer round-up property of the one-dimensional cutting stock problem},
  author={Scheithauer, Guntram and Terno, Johannes},
  journal={European Journal of Operational Research},
  volume={84},
  number={3},
  pages={562--571},
  year={1995},
  publisher={Elsevier}
}

@article{barry2021optimal,
  title={Optimal Seat Allocation Under Social Distancing Constraints},
  author={Barry, Michael and Gambella, Claudio and Lorenzi, Fabio and Sheehan, John and Ploennigs, Joern},
  journal={arXiv preprint arXiv:2105.05017},
  year={2021}
}

@article{salari2020social,
  title={Social distancing in airplane seat assignments},
  author={Salari, Mostafa and Milne, R John and Delcea, Camelia and Kattan, Lina and Cotfas, Liviu-Adrian},
  journal={Journal of Air Transport Management},
  volume={89},
  pages={101915},
  year={2020},
  publisher={Elsevier}
}

@article{fischetti2021safe,
  title={Safe distancing in the time of COVID-19},
  author={Fischetti, Martina and Fischetti, Matteo and Stoustrup, Jakob},
  journal={European Journal of Operational Research},
  year={2021},
  publisher={Elsevier}
}

@article{ghorbani2020model,
  title={A Model for Optimizing the Health and Economic Impacts of Covid-19 under Social Distancing Measures; A Study for the Number of Passengers and their Seating Arrangements in Aircrafts},
  author={Ghorbani, Elaheh and Molavian, Hamid and Barez, Fred},
  journal={arXiv preprint arXiv:2010.10993},
  year={2020}
}

@article{alem2010cutting,
  title     = {On the cutting stock problem under stochastic demand},
  author    = {Alem, Douglas Jos{\'e} and Munari, Pedro Augusto and Arenales, Marcos Nereu and Ferreira, Paulo Augusto Valente},
  journal   = {Annals of Operations Research},
  volume    = {179},
  number    = {1},
  pages     = {169--186},
  year      = {2010},
  publisher = {Springer}
}

@article{feng2013scenario,
  title     = {Scenario construction and reduction applied to stochastic power generation expansion planning},
  author    = {Feng, Yonghan and Ryan, Sarah M},
  journal   = {Computers \& Operations Research},
  volume    = {40},
  number    = {1},
  pages     = {9--23},
  year      = {2013},
  publisher = {Elsevier}
}

@article{casey2005scenario,
  title     = {The scenario generation algorithm for multistage stochastic linear programming},
  author    = {Casey, Michael S and Sen, Suvrajeet},
  journal   = {Mathematics of Operations Research},
  volume    = {30},
  number    = {3},
  pages     = {615--631},
  year      = {2005},
  publisher = {INFORMS}
}

@article{henrion2018problem,
  title     = {Problem-based optimal scenario generation and reduction in stochastic programming},
  author    = {Henrion, R{\'e}ne and R{\"o}misch, Werner},
  journal   = {Mathematical Programming},
  pages     = {1--23},
  year      = {2018},
  publisher = {Springer}
}

@article{bent2004scenario,
  title     = {Scenario-based planning for partially dynamic vehicle routing with stochastic customers},
  author    = {Bent, Russell W and Van Hentenryck, Pascal},
  journal   = {Operations Research},
  volume    = {52},
  number    = {6},
  pages     = {977--987},
  year      = {2004},
  publisher = {INFORMS}
}