% !TEX root = sum1.tex

@article{dantzig1957discrete,
  title     = {Discrete-variable extremum problems},
  author    = {Dantzig, George B},
  journal   = {Operations Research},
  volume    = {5},
  number    = {2},
  pages     = {266--288},
  year      = {1957},
  publisher = {INFORMS}
}

@article{johnson1974fast,
  title     = {Fast algorithms for bin packing},
  author    = {Johnson, David S},
  journal   = {Journal of Computer and System Sciences},
  volume    = {8},
  number    = {3},
  pages     = {272--314},
  year      = {1974},
  publisher = {Elsevier}
}